@article{Lamb1947,
   author = {Willis E. Lamb and Robert C. Retherford},
   doi = {10.1103/PhysRev.72.241},
   issn = {0031-899X},
   issue = {3},
   journal = {Physical Review},
   month = {8},
   title = {Fine Structure of the Hydrogen Atom by a Microwave Method},
   volume = {72},
   year = {1947},
}
%
@article{Casimir1948,
   author = {H B G Casimir},
   journal = {Indag. Math.},
   pages = {261-263},
   title = {On the Attraction Between Two Perfectly Conducting Plates},
   volume = {10},
   year = {1948},
}
%
@article{Moore1970,
   author = {Gerald T. Moore},
   doi = {10.1063/1.1665432},
   issn = {0022-2488},
   issue = {9},
   journal = {Journal of Mathematical Physics},
   month = {9},
   pages = {2679-2691},
   title = {Quantum Theory of the Electromagnetic Field in a Variable‐Length One‐Dimensional Cavity},
   volume = {11},
   url = {http://aip.scitation.org/doi/10.1063/1.1665432},
   year = {1970},
}
%
@article{Dodonov_Review2020,
   abstract = {<p>This is a digest of the main achievements in the wide area, called the Dynamical Casimir Effect nowadays, for the past 50 years, with the emphasis on results obtained after 2010.</p>},
   author = {Viktor Dodonov},
   doi = {10.3390/physics2010007},
   issn = {2624-8174},
   issue = {1},
   journal = {Physics},
   keywords = {atomic excitations,cavity and circuit QED,decoherence,effective Hamiltonians,entanglement,moving boundaries,nonlinear optical materials,parametric oscillator,photon generation from vacuum,quantum friction},
   month = {10},
   pages = {67-104},
   publisher = {MDPI AG},
   title = {Fifty Years of the Dynamical Casimir Effect},
   volume = {2},
   url = {https://www.mdpi.com/2624-8174/2/1/7},
   year = {2020},
}
%
@article{Nation2011,
   author = {P. D. Nation and J. R. Johansson and M. P. Blencowe and Franco Nori},
   doi = {10.1103/RevModPhys.84.1},
   month = {3},
   title = {Stimulating uncertainty: Amplifying the quantum vacuum with superconducting circuits},
   url = {http://arxiv.org/abs/1103.0835 http://dx.doi.org/10.1103/RevModPhys.84.1},
   year = {2011},
   journal = {Rev. Mod. Phys.},
}
%
@article{Lambrecht1996,
   author = {Astrid Lambrecht and Marc-Thierry Jaekel and Serge Reynaud},
   doi = {10.1103/PhysRevLett.77.615},
   issn = {0031-9007},
   issue = {4},
   journal = {Physical Review Letters},
   month = {7},
   title = {Motion Induced Radiation from a Vibrating Cavity},
   volume = {77},
   year = {1996},
}
%
@article{Fulling&Davies1976,
   author = {S. Fulling and P. Davies},
   doi = {10.1098/rspa.1976.0045},
   issn = {0080-4630},
   issue = {1654},
   journal = {Proceedings of the Royal Society of London. A. Mathematical and Physical Sciences},
   month = {3},
   pages = {393-414},
   title = {Radiation from a moving mirror in two dimensional space-time: conformal anomaly},
   volume = {348},
   url = {https://royalsocietypublishing.org/doi/10.1098/rspa.1976.0045},
   year = {1976},
}
%
@article{Dodonov1990,
   author = {V. V. Dodonov and A. B. Klimov and V. I. Man'ko},
   doi = {10.1016/0375-9601(90)90333-J},
   issn = {0375-9601},
   issue = {4},
   journal = {Physics Letters A},
   month = {9},
   pages = {225-228},
   publisher = {North-Holland},
   title = {Generation of squeezed states in a resonator with a moving wall},
   volume = {149},
   year = {1990},
}
%
@article{Gu2017,
   author = {Xiu Gu and Anton Frisk Kockum and Adam Miranowicz and Yu-xi Liu and Franco Nori},
   doi = {10.1016/j.physrep.2017.10.002},
   issn = {03701573},
   journal = {Physics Reports},
   month = {11},
   pages = {1-102},
   title = {Microwave photonics with superconducting quantum circuits},
   volume = {718-719},
   url = {https://linkinghub.elsevier.com/retrieve/pii/S0370157317303290},
   year = {2017},
}
%
@book{tinkham_superconductivity2004,
  title={Introduction to Superconductivity},
  author={Tinkham, M.},
  isbn={9780486134727},
  lccn={2004041434},
  series={Dover Books on Physics Series},
  url={https://books.google.com/books?id=VpUk3NfwDIkC},
  year={2004},
  publisher={Dover Publications}
}
%
@article{Krantz2019,
   author = {P. Krantz and M. Kjaergaard and F. Yan and T. P. Orlando and S. Gustavsson and W. D. Oliver},
   doi = {10.1063/1.5089550},
   issn = {1931-9401},
   issue = {2},
   journal = {Applied Physics Reviews},
   month = {6},
   pages = {021318},
   title = {A quantum engineer's guide to superconducting qubits},
   volume = {6},
   url = {http://aip.scitation.org/doi/10.1063/1.5089550},
   year = {2019},
}
%
@article{Johansson2009,
   author = {J. R. Johansson and G. Johansson and C. M. Wilson and Franco Nori},
   doi = {10.1103/PhysRevLett.103.147003},
   issn = {00319007},
   issue = {14},
   journal = {Physical Review Letters},
   month = {9},
   title = {Dynamical casimir effect in a superconducting coplanar waveguide},
   volume = {103},
   year = {2009},
}
%
@article{Johansson2010,
   author = {J. R. Johansson and G. Johansson and C. M. Wilson and Franco Nori},
   doi = {10.1103/PhysRevA.82.052509},
   issn = {10502947},
   issue = {5},
   journal = {Physical Review A - Atomic, Molecular, and Optical Physics},
   title = {Dynamical Casimir effect in superconducting microwave circuits},
   volume = {82},
   url = {https://journals.aps.org/pra/abstract/10.1103/PhysRevA.82.052509},
   year = {2010},
}
%
@article{Wilson2011_ObservationDCE,
   author = {C. M. Wilson and G. Johansson and A. Pourkabirian and M. Simoen and J. R. Johansson and T. Duty and F. Nori and P. Delsing},
   doi = {10.1038/nature10561},
   issn = {00280836},
   issue = {7373},
   journal = {Nature},
   month = {11},
   pages = {376-379},
   title = {Observation of the dynamical Casimir effect in a superconducting circuit},
   volume = {479},
   year = {2011},
}
%
@article{Yurke1984,
   author = {Bernard Yurke and John S. Denker},
   doi = {10.1103/PhysRevA.29.1419},
   issn = {0556-2791},
   issue = {3},
   journal = {Physical Review A},
   month = {3},
   pages = {1419-1437},
   title = {Quantum network theory},
   volume = {29},
   year = {1984},
}
%
@article{Vool2017,
   author = {Uri Vool and Michel Devoret},
   doi = {10.1002/cta.2359},
   issn = {0098-9886},
   issue = {7},
   journal = {International Journal of Circuit Theory and Applications},
   month = {7},
   pages = {897-934},
   title = {Introduction to quantum electromagnetic circuits},
   volume = {45},
   year = {2017},
}
%
@article{Lahteenmaki_DCE2013,
   author = {Pasi Lähteenmäki and G. S. Paraoanu and Juha Hassel and Pertti J. Hakonen},
   doi = {10.1073/pnas.1212705110},
   issn = {0027-8424},
   issue = {11},
   journal = {Proceedings of the National Academy of Sciences},
   keywords = {Josephson junction,Nanoelectronics,Quantum mechanics},
   month = {3},
   pages = {4234-4238},
   title = {Dynamical Casimir effect in a Josephson metamaterial},
   volume = {110},
   url = {http://www.pnas.org/lookup/doi/10.1073/pnas.1212705110},
   year = {2013},
}
%
@article{Johansson2013,
   author = {J. R. Johansson and G. Johansson and C. M. Wilson and P. Delsing and Franco Nori},
   doi = {10.1103/PhysRevA.87.043804},
   issn = {1050-2947},
   issue = {4},
   journal = {Physical Review A},
   month = {4},
   pages = {043804},
   title = {Nonclassical microwave radiation from the dynamical Casimir effect},
   volume = {87},
   url = {https://link.aps.org/doi/10.1103/PhysRevA.87.043804},
   year = {2013},
}
%
@article{Felicetti2014,
   author = {S. Felicetti and M. Sanz and L. Lamata and G. Romero and G. Johansson and P. Delsing and E. Solano},
   doi = {10.1103/PhysRevLett.113.093602},
   issn = {0031-9007},
   issue = {9},
   journal = {Physical Review Letters},
   month = {8},
   pages = {093602},
   title = {Dynamical Casimir Effect Entangles Artificial Atoms},
   volume = {113},
   url = {https://link.aps.org/doi/10.1103/PhysRevLett.113.093602},
   year = {2014},
}
%
@article{Peropadre2018,
   author = {Borja Peropadre and Joonsuk Huh and Carlos Sabín},
   doi = {10.1038/s41598-018-22086-2},
   issn = {2045-2322},
   issue = {1},
   journal = {Scientific Reports},
   month = {12},
   pages = {3751},
   pmid = {29491483},
   publisher = {Nature Publishing Group},
   title = {Dynamical Casimir Effect for Gaussian Boson Sampling},
   volume = {8},
   url = {http://www.nature.com/articles/s41598-018-22086-2},
   year = {2018},
}
%
@article{Agusti2019,
   author = {Andrés Agustí and Enrique Solano and Carlos Sabín},
   doi = {10.1103/PhysRevA.99.052328},
   issn = {24699934},
   issue = {5},
   journal = {Physical Review A},
   month = {5},
   publisher = {American Physical Society},
   title = {Entanglement through qubit motion and the dynamical Casimir effect},
   volume = {99},
   year = {2019},
}

%
@article{Zhao2021,
   author = {Shiqing Zhao and Yumei Long and Mengxin Zhang and Taiyu Zheng and Xue Zhang},
   doi = {10.1007/s11128-021-03247-1},
   issn = {1570-0755},
   issue = {9},
   journal = {Quantum Information Processing},
   month = {9},
   pages = {308},
   title = {Genuine tripartite entanglement in the dynamical Casimir coupled waveguides},
   volume = {20},
   year = {2021},
}
%
@book{Ashcroft1976,
   author = {N.W. Ashcroft and N.D. Mermin},
   title = {Solid state physics},
   year = {1976},
   publisher = {Saunders College Publishing},
   }
%
@book{Joannopoulos2008,
   author = {John D. Joannopoulos and Steven G. Johnson and Joshua N. Winn and Robert D. Meade},
   title = {Photonic Crystals: Molding the Flow of Light, 2nd Edition},
   year = {2008},
   publisher = {Princeton University Press},
}   
%
@book{Kittel1996_Solid_State,
  title={Introduction to solid state physics},
  author={Kittel, Charles},
  volume={8},
  year={1996},
  publisher={Wiley New York}
}
%
@book{Gainutdinov2018,
  title={Modification of the electromagnetic field in the photonic crystal medium and new ways of applying the photonic band gap materials},
  author={Gainutdinov, Renat and Khamadeev, Marat and Akhmadeev, Albert and Salakhov, Myakzyum},
  year={2018},
  publisher={InTech Rijeka}
}
%
@article{Gainutdinov2021,
   author = {R.Kh. Gainutdinov and A.I. Garifullin and M.A. Khamadeev and M.Kh. Salakhov},
   doi = {10.1016/j.physleta.2021.127407},
   issn = {03759601},
   journal = {Physics Letters A},
   keywords = {Energy levels of atoms,Highly tunable refractive index,Ionization energy,Metamaterials,Quantum electrodynamics,The electron mass in photonic crystals},
   month = {7},
   pages = {127407},
   publisher = {Elsevier B.V.},
   title = {Quantum electrodynamics in photonic crystals and controllability of ionization energy of atoms},
   volume = {404},
   url = {https://linkinghub.elsevier.com/retrieve/pii/S0375960121002711},
   year = {2021},
}

